@Article{Akaike,
  author = 	 {Akaike, H.},
  title = 	 {A new look at the statistical identification model.},
  journal = 	 {IEEE Transactions on Automatic Control},
  year = 	 {1974},
  volume = 	 {19},
  pages = 	 {716--723}
}

@Article{Breusch,
  author = 	 {Breusch, T.S., and Pagan, A.R.},
  title = 	 {A Simple Test for Heteroskedasticity and Random Coefficient Variation.},
  journal = 	 {Econometrica},
  year = 	 {1989},
  volume = 	 {47},
  pages = 	 {1287--1294}
}

@Article{Cavanaugh,
  author = 	 {Cavanaugh, J.E., and Neath, A.A.},
  title = 	 {The Akaike information criterion: Background, derivation, properties, application, interpretation, and refinements.},
  journal = 	 {WIREs Comput Stat},
  year = 	 {2019},
  volume = 	 {11},
  pages = 	 {e1460}
}

@Article{Chesher,
  author = 	 {Chesher, A.},
  title = 	 {The Information Matrix Test: Simplified Calculation via a Score Test Interpretation.},
  journal = 	 {Economics Letters},
  year = 	 {1983},
  volume = 	 {13},
  pages = 	 {45--48}
}

@Article{Dhaene,
  author = 	 {Dhaene, G., and Hoorelbeke, D.},
  title = 	 {The information matrix test with bootstrap-based covariance matrix estimation.},
  journal = 	 {Economics Letters},
  year = 	 {2004},
  volume = 	 {82},
  pages = 	 {341--347}
}

@Article{Fisher,
  author = 	 {Fisher, R.A.},
  title = 	 {On the Mathematical Foundations of Theoretical Statistics.},
  journal = 	 {Phil. Trans. R. Soc. Lond. A},
  year = 	 {1922},
  volume = 	 {222},
  pages = 	 {309--368}
}

@Article{Freedman,
  author = 	 {Freedman, D.A.},
  title = 	 {On The So-Called 'Huber Sandwich Estimator' and 'Robust Standard Errors'.},
  journal = 	 {The American Statistician},
  year = 	 {2006},
  volume = 	 {60},
  pages = 	 {299--302}
}

@Article{Huber,
  author = 	 {Huber, P.J.},
  title = 	 {The behavior of maximum likelihood estimates under nonstandard conditions.},
  journal = 	 {Proceedings of the Fifth Berkeley Symposium on Mathematical Statistics and Probability},
  year = 	 {1967},
  volume = 	 {5},
  pages = 	 {221--233}
}

@Manual{Koeneman,
  author = {Koeneman, S.H.},
  title = {DBModelSelect: Distribution-Based Model Selection.},
  year = {2023},
  note = {R package version 0.2.0},
  url = {https://CRAN.R-project.org/package=DBModelSelect}
}

@Book{Kutner,
  author = 	 {Kutner, M.H., Nachtsheim, C.R., Neter, J., and Li, W.},
  title = 	 {Applied Linear Statistical Models},
  publisher = 	 {McGraw-Hill Irwin},
  year = 	 {2005},
  address = 	 {New York}
}

@Book{McQuarrie,
  author = 	 {McQuarrie, A.D.R., and Tsai, C-L},
  title = 	 {Regression and Time Series Model Selection.},
  publisher = 	 {World Scientific},
  year = 	 {1998},
  address = 	 {New Jersey}
}

@InCollection{Miles,
  author = 	 {Miles, J.},
  title = 	 {Residual plot.},
  booktitle = 	 {Wiley StatsRef: Statistics Reference Online},
  publisher = 	 {Wiley},
  year = 	 {2014},
  address = 	 {Hoboken},
  pages = 	 {},
}

@Book{Millar,
  author = 	 {Millar, R.B.},
  title = 	 {Maximum Likelihood Estimation and Inference: With Examples in R, SAS and ADMB.},
  publisher = {Wiley},
  year = 	 {2011},
  address = 	 {Hoboken}
}


@Book{Rao,
  author = 	 {Rao, C.R.},
  title = 	 {Linear Statistical Inference and Its Applications.},
  publisher = 	 {Wiley},
  year = 	 {1965},
  address = 	 {Hoboken}
}

@Article{Schwarz,
  author = 	 {Schwarz, G.E.},
  title = 	 {Estimating the dimension of a model.},
  journal = 	 {Annals of Statistics},
  year = 	 {1978},
  volume = 	 {22},
  pages = 	 {461--464}
}

@Article{White1980,
  author = 	 {White, H.},
  title = 	 {A Heteroskedasticity-Consistent Covariance Matrix Estimator and a Direct Test for Heteroskedasticity.},
  journal = 	 {Econometrica},
  year = 	 {1980},
  volume = 	 {48},
  pages = 	 {817--838}
}

@Article{White1982,
  author = 	 {White, H.},
  title = 	 {Maximum Likelihood Estimation of Misspecified Models.},
  journal = 	 {Econometrica},
  year = 	 {1982},
  volume = 	 {50},
  pages = 	 {1--25}
}

@Article{Waldman,
  author = 	 {Waldman, D.M.},
  title = 	 {A note on algebraic equivalence of White's test and a variation of the Godfrey/Breusch-Pagan test for heteroscedasticity.},
  journal = 	 {Economic Letters},
  year = 	 {1983},
  volume = 	 {13},
  pages = 	 {197--200}
}

